
@misc{RefWork:1,
	title = {Elliptic Curves: Number Theory and Cryptography},
	howpublished = {Chapman and Hall/CRC; 2nd edition},
	year = {2008},
	author = {Lawrence C. Washington}
}

@misc{RefWork:2,
	title = {SEC 1: Elliptic Curve Cryptography},
	howpublished = {\url{http://www.secg.org/sec1-v2.pdf}},
	year = {2009}
}

@misc{RefWork:3,
	title = {SEC 2: Recommended Elliptic Curve Domain Parameters},
	howpublished = {\url{http://www.secg.org/sec2-v2.pdf}},
	year = {2010}
}

@misc{RefWork:4,
	title = {Elliptic curve cryptography: a gentle introduction},
	howpublished = {\url{http://andrea.corbellini.name/2015/05/17/elliptic-curve-cryptography-a-gentle-introduction/}},
	author = {Andrea Corbellini}
}

@misc{RefWork:5,
	title = {Schnorr's BIP},
	howpublished = {\url{https://github.com/sipa/bips/blob/bip-schnorr/bip-schnorr.mediawiki}},
	author = {Pieter Wuille}
}

@misc{RefWork:6,
	title = {A Graduate Course in Applied Cryptography},
	howpublished = {\url{https://crypto.stanford.edu/~dabo/cryptobook/BonehShoup_0_4.pdf}},
	year = {2017},
	author = {Dan Boneh and Victor Shoup}
}

@misc{RefWork:7,
	title = {Mastering Bitcoin: Programming the Open Blockchain},
	howpublished = {Oreilly \& Associates Inc; 2nd edition},
	year = {2017},
	author = {Andreas M. Antonoupolos}
}

@misc{RefWork:8,
	title = {Schnorr Signatures in the Multi-User Setting},
	howpublished = {\url{https://pdfs.semanticscholar.org/0e43/be818bd4664e667154533fd2badb7be2e3b5.pdf}},
	author = {Eike Kiltz, Daniel Masny and Jiaxin Pan}
}

@misc{RefWork:9,
	title = {Generica group, collision resistance, and ECDSA},
	howpublished = {\url{https://eprint.iacr.org/2002/026.ps}},
	year = {2002},
	author = {Daniel R. L. Brown}
}

@misc{BIP1,
	title = {BIP141: Segregated Witness (Consensus layer)},
	howpublished = {\url{https://github.com/bitcoin/bips/blob/master/bip-0141.mediawiki}},
	author = {Eric Lombrozo, Johnson Lau, Pieter Wuille}
}

@misc{BIP2,
	title = {BIP143: Transaction Signature Verification for Version 0 Witness Program},
	howpublished = {\url{https://github.com/bitcoin/bips/blob/master/bip-0143.mediawiki}},
	author = {Johnson Lau, Pieter Wuille}
}

@misc{BIP3,
	title = {BIP144: Segregated Witness (Peer Services)},
	howpublished = {\url{https://github.com/bitcoin/bips/blob/master/bip-0144.mediawiki}},
	author = {Eric Lombrozo, Pieter Wuille}
}

@misc{BIP4,
	title = {BIP148: Mandatory activation of segwit deployment},
	howpublished = {\url{https://github.com/bitcoin/bips/blob/master/bip-0148.mediawiki}},
	author = {Shaolin Fry}
}